<record><leader>00000cas a2200000 a 4500</leader><controlfield tag="001">24477902</controlfield><controlfield tag="008">911001d18901906iluwr ne      0   a0eng c</controlfield><datafield ind1=" " ind2=" " tag="010"><subfield code="a">sn 91054690 </subfield></datafield><datafield ind1=" " ind2=" " tag="040"><subfield code="a">NVF</subfield><subfield code="b">eng</subfield><subfield code="c">NVF</subfield><subfield code="d">NSD</subfield><subfield code="d">OCLCQ</subfield><subfield code="d">NVF</subfield><subfield code="d">OCLCQ</subfield><subfield code="d">OCLCF</subfield><subfield code="d">OCLCO</subfield><subfield code="d">NVF</subfield></datafield><datafield ind1=" " ind2=" " tag="042"><subfield code="a">pcc</subfield></datafield><datafield ind1=" " ind2=" " tag="043"><subfield code="a">n-us-il</subfield></datafield><datafield ind1="0" ind2="4" tag="245"><subfield code="a">The Meredosia news.</subfield></datafield><datafield ind1=" " ind2=" " tag="260"><subfield code="a">Meredosia, Ill. :</subfield><subfield code="b">Hedenberg &amp; Stinson,</subfield><subfield code="c">1890-1906.</subfield></datafield><datafield ind1=" " ind2=" " tag="300"><subfield code="a">v.</subfield></datafield><datafield ind1=" " ind2=" " tag="310"><subfield code="a">Weekly</subfield></datafield><datafield ind1="0" ind2=" " tag="362"><subfield code="a">Vol. 1, no. 1 (Sept. 11, 1890)-v. 16, no. 45 (July 12 [i.e. 18], 1906).</subfield></datafield><datafield ind1=" " ind2="0" tag="651"><subfield code="a">Meredosia (Ill.)</subfield><subfield code="v">Newspapers.</subfield></datafield><datafield ind1=" " ind2="7" tag="651"><subfield code="a">Illinois</subfield><subfield code="z">Meredosia.</subfield><subfield code="2">fast</subfield><subfield code="0">(OCoLC)fst01341368</subfield></datafield><datafield ind1=" " ind2="7" tag="655"><subfield code="a">Newspapers.</subfield><subfield code="2">fast</subfield><subfield code="0">(OCoLC)fst01423814</subfield></datafield><datafield ind1=" " ind2=" " tag="752"><subfield code="a">United States</subfield><subfield code="b">Illinois</subfield><subfield code="c">Morgan</subfield><subfield code="d">Meredosia.</subfield></datafield><datafield ind1="0" ind2="4" tag="785"><subfield code="t">Meredosia budget</subfield><subfield code="x">1088-8950</subfield><subfield code="w">(DLC)sn 91054691</subfield><subfield code="w">(OCoLC)24477859</subfield></datafield><datafield ind1="1" ind2=" " tag="029"><subfield code="a">AU@</subfield><subfield code="b">000025874252</subfield></datafield></record>